@book{li1987atlas,  
editor={Lǐ, Róng 李荣}, 
title={Zhōngguó yǔyán dìtú jí中国语言地图集[Atlas des langues de la Chine]}, 
year={1987}, 
location={Hongkong},
publisher={Longman},
}

@book{xiong2012atlas,  
editor={Xióng, Zhènghuī 熊正辉 and Zhāng, Zhènxīng 张振兴}, 
title={Zhōngguó yǔyán dìtú jí (Dì èr bǎn) : Hànyǔ fāngyán juǎn 中国语言地图集 （第二版）：汉语方言卷[Atlas des langues de la Chine (2\textsuperscript{ème} version) : Volume des dialects du chinois]}, 
year={2012}, 
location={Beijing},
publisher={Commercial Press},
}

@article{li2012pinghua,
  title={Pínghuà de guīshǔ hé hànyǔ fāngyán fēnlèi 平话的归属和汉语方言分类[L'affiliation de Pinghua et la classification des dialectes chinois]},
  author={Lǐ, Xiǎofán 李小凡},
  journal={Yǔyán kēxué 语言科学[Linguistic Sciences]},
  volume={11},
  number={5},
  pages={509--517},
  year={2012},
}

@Book{Shen1994Taiyuan,
  author    = {Shěn, Míng沈明},
  year      = {1994},
  title     = {Tàiyuán fāngyán cídiǎn太原方言詞典 [Dictionnaire du dialecte de Taiyuan]},
  location  = {Nanjing},
  publisher = {Jiangsu Education Publishing House},
}

@Book{Zhao2003Jixi,
  author    = {Zhào, Rìxīn趙日新},
  year      = {2003},
  title     = {Jìxī fāngyán cídiǎn績溪方言詞典 [Dictionnaire du dialecte de Jixi]},
  location  = {Nanjing},
  publisher = {Jiangsu Education Publishing House},
}

@book{Zhang2010beijing,
  title={Běijīng guānhuà yǔyīn yánjiū北京官话语音研究[Etudes phonétiques sur le mandarin de Beijing]},
  author={Zhāng, Shìfāng张世方},
  location={Beijing},
  publisher={Beijing Language and Culture University Press},
  year={2010},
}

@inbook{Wang1995rongcheng,
  title={Róngchéng fāngyán zhì荣成方言志[Chorographie dialectal de Rongcheng]},
  author={Wán\lowercase{g}, Shūxiá王淑霞},
  editor={Qián, Zēngcéngyí钱曾怡},
  booktitle={Shāndōng fāngyán zhì cóngshū山东方言志丛书[Série de chorographies dialectal de Shandong]},
  location={Beijing},
  journal={Language and Culture Press},
  year={1995},
}

@article{wu2023annotating,
  title={Annotating cognates in phylogenetic studies of Southeast Asian languages},
  author={Wu, Mei-Shin and List, Johann-Mattis},
  journal={Language Dynamics and Change},
  volume={1},
  number={aop},
  pages={1--37},
  year={2023},
  publisher={Brill}
}

@article{sagart2011classifying,
  title={Classifying Chinese dialects/Sinitic languages on shared innovations},
  author={Sagart, Laurent},
  journal={PaperpresentedattheS{\'e}minaireSino-Tib{\'e}tainduCRLAO (2011-03-28). Downloadable at https://www. academia. edu/19534510 (accessed February 4, 2018)},
  year={2011}
}

@article{Chen2003yu,
  title={Wúyǔ jí línjìn fāngyán yúyùn de dúyīn céngcì--jiān lùn “jīnlíng qièyùn” yúyùn de yīnzhí吴语及邻近方言鱼韵的读音层次--兼论``金陵切韵''鱼韵的音值[Une discussion sur les différences de prononciation de la catégorie Yu (鱼) dans le wu et les dialectes voisins ： avec quelques réflexions supplémentaires sur sa reconstruction au sein de Qieyun]},
  author={Ché\lowercase{n}, Zhōngmǐn陈忠敏},
  journal={Yǔyánxué lùncóng语言学论丛[Essays on Linguistics]},
  volume={27},
  pages={11--55},
  year={2003},
}

@article{Chen2005couche,
  title={Lún yǔyīn céngcì de shíjiān xiānhòu论语音层次的时间先后[Quelques notes sur les étapes chronologiques des strates sonores]},
  author={Ché\lowercase{n}, Zhōngmǐn陈忠敏},
  journal={Yǔyán yánjiū jíkān语言研究集刊[Bulletin of Linguistic Studies]},
  number={1},
  pages={123--132},
  year={2005},
}

@article{Sagart2001hani,
  title={History through loanwords: the loan correspondences between Hani and Chinese},
  author={Sagart, Laurent and Xu, Shixuan},
  journal={Cahiers de linguistique Asie orientale},
  volume={30},
  number={1},
  pages={3--54},
  year={2001},
  publisher={Brill},
}

@inbook{Pan1998wenzhou,
  title={Wēnzhōu huà yīndàng温州话音档[Enregistrement du dialecte de Wenzhou]},
  author={Pān, Wùyún潘悟云},  
  editor={Hóu, Jīngyī侯精一},
  booktitle={Xiàndài hànyǔ fāngyán yīnkù现代汉语方言音库[Phonobase des dialectes chinois modernes},
  year={1998},
  location = {Shanghai},
  publisher = {Shanghai Educational Publishing House},
}

@Book{You1998Wenzhou,
  author    = {Yóu, Rǔjié游汝杰 and Yáng, Qiánmíng楊乾明},
  year      = {1998},
  title     = {Wēnzhōu fāngyán cídiǎn溫州方言詞典 [Dictionnaire du dialecte de Wenzhou]},
  location  = {Nanjing},
  publisher = {Jiangsu Education Publishing House},
}

@article{Cao2022tangxi,
  title={Zhèjiāng jīnhuá tāng xī fāngyán de yǔ liú yīn biàn浙江金华汤溪方言的语流音变[La variation contextualle dans le dialecte de Tangxi de la ville de Jinhua, province de Zhejiang]},
  author={Cáo, Zhìyún曹志耘},
  journal={Fāngyán方言[Dialect]},
  volume={44},
  number={2},
  pages={8},
  year={2022},
}

@article{Li1985diming,
  title={Dìmíng zhōng de gǔyīn地名中的古音[Les prononciations archaïques dans les toponymes]},
  author={L\lowercase{ǐ}, Rúlóng李如龙},
  journal={Yǔwén yánjiū语文研究[Linguistic Research]},
  number={1},
  pages={30--30},
  year={1985},
}

@mastersthesis{Wang2017diming_yixian,
  title={Héběi yì xiàn dìmíng de yǔyán xué kǎochá河北易县地名的语言学考察[Une étude linguistique des toponymes dans le district de Yi, province du Hebei]},
  author={Wán\lowercase{g}, Jiājiā王佳佳},
  year={2017},
  school={Bohai University},
}

@book{hall2018phylogenetic,
  title={Phylogenetic trees made easy},
  author={Hall, Barry G.},
  year={2018},
  publisher={Oxford University Press},
  location={New York},
  note={Fifth Edition},
}

@inbook{pellardfamily,
  title={The Family Tree model},
  year={2023},
  author={Pellard, Thomas and Ryder, Robin J. and Jacques, Guillaume},
  booktitle={The Wiley Blackwell companion to diachronic linguistics},
  editor={Ledgeway, Adam and Aldridge, Edith and Breitbarth Anne and Kiss, Karalin E. and Salmons, Joseph},
  note={preprint 2023-05-11},
  url={https://www.academia.edu/101656989/The_Family_Tree_model},
}

@article{aikio2007etymological,
  title={Etymological nativization of loanwords},
  author={Aikio, Ante},
  journal={A case study of Saami and Finnish. Teoksessa Ida Toivonen--Diane Nelson (toim.), Saami Linguistics},
  pages={17--52},
  year={2007},
}

@book{Zhan2002yue,
  title={Guǎngdōng yuè fāngyán gàiyào广东粤方言概要[Un aperçu des dialectes Yue dans le Guangdong]},
  author={Zhān, Bóhuì詹伯慧},
  year={2002},
  location={Guangzhou},
  publisher={Jinan University Press},
}

@book{Ye1988suzhou_fangyanzhi,
  title={Sūzhōu fāngyán zhì苏州方言志[Chorographie dialectal de Suzhou]},
  author={Yè, Xiánglíng葉祥苓},
  year={1988},
  location  = {Nanjing},
  publisher={Jiangsu Education Publishing House},
}

@book{Liu2007hexinci,
  title={Xiàndài hànyǔ fāngyán héxīn cí$\cdot$tèzhēng cí jí现代汉语方言核心词$\cdot$特征词集[Collection de mots de base et de mots caractéristiques dans les dialectes chinois modernes]},
  author={Liú, Lìlǐ刘俐李 and Wáng, Hóngzhōng王洪钟 and Bǎi, Yíng柏莹,},
  location={Nanjing},
  publisher={Phoenix Publishing and Media, Inc.},
  year={2007},
}





